@misc{iv_curve,
  title = {{Solarzelle} {IU}-{K}ennlinie},
  howpublished = {\url{https://electronics.stackexchange.com/a/181670}},
  note = {Abgerufen: \today}
}

@misc{kraftwerke,
  title = {{B}undes{n}etz{a}gentur: {K}raftwerksliste},
  howpublished = {\url{https://www.bundesnetzagentur.de/SharedDocs/Downloads/DE/Sachgebiete/Energie/Unternehmen_Institutionen/Versorgungssicherheit/Erzeugungskapazitaeten/Kraftwerksliste/Kraftwerksliste_2018_1.xlsx}},
  note = {Stand: Februar 2018}
}

@misc{trafo,
  title = {{Walcher} Shop: {JT1}},
  howpublished = {\url{https://shop.walcher.com/wp-content/uploads/2016/11/JT1-630.jpg}},
  note = {Abgerufen: \today}
}

@misc{galvanometer,
  title = {Von {Honina} 22:08, 10. Okt 2003 (CEST) konvertiert zu SVG von {stefan\_024} - Ãœbertragen aus de.wikipedia nach Commons durch {Wdwd} mithilfe des CommonsHelper., GFDL},
  howpublished = {\url{https://commons.wikimedia.org/w/index.php?curid=15636597}},
  note = {Abgerufen: \today}
}

@misc{efla,
  title = {The {E}valuation {F}ramework for {L}earning {A}nalytics},
  author = {Scheffel, Maren},
  year={2017},
  howpublished = {\url{http://hdl.handle.net/1820/8259}},
  note = {Accessed: \today}
}

@misc{efla-website,
  title = {The {E}valuation {F}ramework for {L}earning {A}nalytics, greyscale {template}},
  author = {Scheffel, Maren},
  year={2017},
  howpublished = {\url{http://www.laceproject.eu/evaluation-framework-for-la/}},
  note = {Accessed: \today}
}

@misc{xapi-spec,
  title= {x{API} specification},
  author= {The Advanced Distributed Learning Initiative},
  year={2016},
  howpublished= {\url{https://github.com/adlnet/xAPI-Spec/releases/tag/xAPI-1.0.3}},
  note= {Accessed: \today}
}

@misc{lti-spec,
  title= {{LTI} 1.0 specification},
  author= {IMS Global Learning Consortium Inc.},
  year={2016},
  howpublished= {\url{https://www.imsglobal.org/specs/lticiv1p0/specification}},
  note= {Accessed: \today}
}

@misc{gdpr-info,
  title= {{D}ata protection in the {EU}},
  author= {The European Commission},
  year={2016},
  howpublished= {\url{https://ec.europa.eu/info/law/law-topic/data-protection/data-protection-eu_en}},
  note= {Accessed: \today}
}

@misc{gdpr,
  title= {REGULATION (EU) 2016/679 OF THE EUROPEAN PARLIAMENT AND OF THE COUNCIL (GDPR)},
  author= {The European Parliament and Council},
  year={2016},
  howpublished= {\url{https://eur-lex.europa.eu/legal-content/EN/TXT/?qid=1532348683434&uri=CELEX:02016R0679-20160504}},
  note= {Accessed: \today}
}